<?xml version="1.0" encoding="UTF-8"?><record xmlns="http://www.loc.gov/MARC21/slim" xmlns:cinclude="http://apache.org/cocoon/include/1.0" xmlns:zs="http://www.loc.gov/zing/srw/">
  <leader>00862cz  a2200205n  4500</leader>
  <controlfield tag="001">n  86059722 </controlfield>
  <controlfield tag="003">DLC</controlfield>
  <controlfield tag="005">20020508090745.0</controlfield>
  <controlfield tag="008">860929n| acannaabn          |a aaa      </controlfield>
  <datafield tag="010" ind1=" " ind2=" ">
    <subfield code="a">n  86059722 </subfield>
  </datafield>
  <datafield tag="035" ind1=" " ind2=" ">
    <subfield code="a">(OCoLC)oca01711986</subfield>
  </datafield>
  <datafield tag="040" ind1=" " ind2=" ">
    <subfield code="a">DLC</subfield>
    <subfield code="c">DLC</subfield>
    <subfield code="d">CtY</subfield>
    <subfield code="d">WaU</subfield>
  </datafield>
  <datafield tag="100" ind1="1" ind2=" ">
    <subfield code="a">Luchkov, A. I.</subfield>
    <subfield code="q">(Aleksandr Ivanovich)</subfield>
  </datafield>
  <datafield tag="400" ind1="1" ind2=" ">
    <subfield code="a">Luchkov, Aleksandr Ivanovich</subfield>
  </datafield>
  <datafield tag="400" ind1="1" ind2=" ">
    <subfield code="a">Luchkoŭ, A. I.</subfield>
    <subfield code="q">(Ali︠a︡ksandr Ivanavich)</subfield>
  </datafield>
  <datafield tag="400" ind1="1" ind2=" ">
    <subfield code="a">Luchkoŭ, Ali︠a︡ksandr Ivanavich</subfield>
  </datafield>
  <datafield tag="400" ind1="1" ind2=" ">
    <subfield code="a">Luchkov, Alexander</subfield>
  </datafield>
  <datafield tag="670" ind1=" " ind2=" ">
    <subfield code="a">Nesterovich, N. D. Strukturnye osobennosti listʹev khvoĭnykh, 1986:</subfield>
    <subfield code="b">t.p. (A. I. Luchkov) colophon (Aleksandr Ivanovich Luchkov)</subfield>
  </datafield>
  <datafield tag="670" ind1=" " ind2=" ">
    <subfield code="a">Pryroda Belarusi, 1993:</subfield>
    <subfield code="b"> t.p. (A.I Luchkoŭ) colophon (Luchkoŭ Ali︠a︡ksandr Ivanavich)</subfield>
  </datafield>
  <datafield tag="670" ind1=" " ind2=" ">
    <subfield code="a">Belovezhskaya Pushcha forest biodiversity conservation, 1997:</subfield>
    <subfield code="b">t.p. (Alexander Luchkov)</subfield>
  </datafield>
</record>